<record><leader>00000cas a22000007a 4500</leader><controlfield tag="001">14509506</controlfield><controlfield tag="008">861023d19781980txuwr ne      0    0eng d</controlfield><datafield ind1=" " ind2=" " tag="010"><subfield code="a">sn 86089719 </subfield></datafield><datafield ind1=" " ind2=" " tag="040"><subfield code="a">PPM</subfield><subfield code="b">eng</subfield><subfield code="c">PPM</subfield><subfield code="d">OCLCQ</subfield></datafield><datafield ind1=" " ind2=" " tag="042"><subfield code="a">msc</subfield></datafield><datafield ind1="0" ind2="0" tag="245"><subfield code="a">Ranchland post dispatch.</subfield></datafield><datafield ind1=" " ind2=" " tag="260"><subfield code="a">Johnson City, Tex. :</subfield><subfield code="b">Texas American Pub. Co.,</subfield><subfield code="c">1978-</subfield></datafield><datafield ind1=" " ind2=" " tag="300"><subfield code="a">v. :</subfield><subfield code="b">ill.</subfield></datafield><datafield ind1=" " ind2=" " tag="310"><subfield code="a">Weekly</subfield></datafield><datafield ind1="0" ind2=" " tag="362"><subfield code="a">Vol. 65, no. 31 (Aug. 10, 1978)-v. 67, no. 52 (Dec. 25, 1980).</subfield></datafield><datafield ind1=" " ind2=" " tag="515"><subfield code="a">Continues numbering of: Record-courier.</subfield></datafield><datafield ind1=" " ind2=" " tag="752"><subfield code="a">United States</subfield><subfield code="b">Texas</subfield><subfield code="c">Blanco</subfield><subfield code="d">Johnson City.</subfield></datafield><datafield ind1="0" ind2="0" tag="780"><subfield code="t">Record-courier</subfield><subfield code="w">(DLC)sn 86089268</subfield></datafield><datafield ind1="0" ind2="0" tag="785"><subfield code="t">Record-courier (Johnson City, Tex. : 1981)</subfield><subfield code="w">(DLC)sn 86089720</subfield></datafield></record>